@misc{AutoObj, title={Automatic objects}, url={https://www.ibm.com/support/knowledgecenter/SSGH4D_13.1.0/com.ibm.xlf131.aix.doc/language_ref/autoobj.html}, journal={The Analytics Maturity Model (IT Best Kept Secret Is Optimization)}, publisher={IBM Corporation}}
